@misc{bibtex,
  title = {Help on {BibTeX} Entry Types},
  howpublished = {\url{http://nwalsh.com/tex/texhelp/bibtx-7.html}},
  note = {Accessed: 2015-03-12}
}

@book{moss2003business,
  title={Business Intelligence Roadmap: The Complete Project Lifecycle for Decision-Support Applications},
  author={Moss, L.T. and Atre, S.},
  isbn={9780321630117},
  series={Addison-Wesley Information Technology Series},
  url={https://books.google.fr/books?id=ZV8jeV4a9\_AC},
  year={2003},
  publisher={Pearson Education}
}

@misc{Sutherland,
  title = {The Scrum Guide™ : The Definitive Guide to Scrum:
The Rules of the Game},
  author={Ken Schwaber and Jeff Sutherland},
  howpublished = {\url{https://www.scrumguides.org/docs/scrumguide/v2017/2017-Scrum-Guide-US.pdf}},
  note = {accessed: 21.09.2018},
  keywords = {scrum,methodology,agile}
}

@misc{tutorialspoint,
  title = {Kanban},
  howpublished = {\url{https://www.tutorialspoint.com/kanban/kanban_tutorial.pdf}},
  note = {accessed: 21.09.2018},
  keywords = {kanban,agile,tutorial}
}

@misc{DESTREMAU,
  title = {Méthode SCRUM partie 2 : définition de la méthode},
  author={Christian DESTREMAU},
  howpublished = {\url{https://www.supinfo.com/articles/single/6054-methode-scrum-partie-2-definition-methode}},
  note = {accessed: 21.09.2018},
  keywords = {scrum,methodology}
}

@misc{trello,
  title = {Trello},
  howpublished = {\url{https://trello.com/}},
  note = {accessed: 21.09.2018},
  keywords = {kanban,agile,software}
}

@misc{Monnappa,
  title = {Predicting the Next Big Hit - Big Data and the Music Industry},
  author={Avantika Monnappa},
  howpublished = {\url{https://www.simplilearn.com/big-data-science-in-music-industry-article}},
  note = {accessed: 21.09.2018},
  keywords = {big data, music industry}
}

@misc{projectcolors,
  title = {Coolors pattern},
  howpublished = {\url{https://coolors.co/1a535c-20a39e-f7fff7-ff6b6b-ffe66d}},
  note = {accessed: 21.09.2018},
  keywords = {color, pattern, generator}
}

@misc{musicbrainz,
  title = {MusicBrainz Database And Schema},
  howpublished = {\url{https://musicbrainz.org/doc/MusicBrainz_Database/Schema}},
  note = {accessed: 21.09.2018},
  keywords = {music, opensource, database}
}

@misc{lastfm,
  title = {Lastfm API},
  howpublished = {\url{https://labrosa.ee.columbia.edu/millionsong/lastfm#api}},
  note = {accessed: 21.09.2018},
  keywords = {music, opensource, database}
}

@misc{echonest,
  title = {echo Nest},
  howpublished = {\url{http://the.echonest.com/}},
  note = {accessed: 21.09.2018},
  keywords = {music, api, database}
}

@misc{spotify,
  title = {Spotify API},
  howpublished = {\url{https://developer.spotify.com/documentation/web-api/}},
  note = {accessed: 21.09.2018},
  keywords = {music, api, database}
}


